<record><leader>00000cas a22000007a 4500</leader><controlfield tag="001">9419106</controlfield><controlfield tag="008">830416d18631867moudn ne      0   a0eng d</controlfield><controlfield tag="009">3770</controlfield><datafield ind1=" " ind2=" " tag="010"><subfield code="a">sn 83025373 </subfield></datafield><datafield ind1=" " ind2=" " tag="040"><subfield code="a">NPV</subfield><subfield code="b">eng</subfield><subfield code="c">NPV</subfield><subfield code="d">DLC</subfield><subfield code="d">NPT</subfield><subfield code="d">MQN</subfield><subfield code="d">MFN</subfield><subfield code="d">NVF</subfield><subfield code="d">OCL</subfield><subfield code="d">OCLCF</subfield><subfield code="d">OCLCO</subfield></datafield><datafield ind1="1" ind2=" " tag="029"><subfield code="a">AU@</subfield><subfield code="b">000025812278</subfield></datafield><datafield ind1=" " ind2=" " tag="042"><subfield code="a">msc</subfield></datafield><datafield ind1=" " ind2=" " tag="043"><subfield code="a">n-us-mo</subfield></datafield><datafield ind1=" " ind2=" " tag="045"><subfield code="a">w6w7</subfield></datafield><datafield ind1="0" ind2="0" tag="050"><subfield code="a">Newspaper</subfield></datafield><datafield ind1=" " ind2=" " tag="052"><subfield code="a">4163</subfield><subfield code="b">J2</subfield></datafield><datafield ind1="0" ind2="0" tag="245"><subfield code="a">Kansas City daily journal of commerce.</subfield></datafield><datafield ind1="1" ind2="3" tag="246"><subfield code="a">Journal of commerce</subfield><subfield code="f">May 26-July 31, 1863</subfield></datafield><datafield ind1="1" ind2="3" tag="246"><subfield code="a">Daily journal</subfield><subfield code="f">Aug. 1, 1863-June 30, 1865</subfield></datafield><datafield ind1=" " ind2=" " tag="260"><subfield code="a">City of Kansas [Kansas City, Mo.] :</subfield><subfield code="b">T.D. Thacher,</subfield></datafield><datafield ind1=" " ind2=" " tag="300"><subfield code="a">v.</subfield></datafield><datafield ind1=" " ind2=" " tag="310"><subfield code="a">Daily (except Monday)</subfield></datafield><datafield ind1="0" ind2=" " tag="362"><subfield code="a">Vol. 9, no. 1 (May 26, 1863)-</subfield></datafield><datafield ind1="1" ind2=" " tag="362"><subfield code="a">Ceased in Apr. 1867.</subfield></datafield><datafield ind1=" " ind2=" " tag="580"><subfield code="a">Weekly eds.: Western journal of commerce (Kansas City, Mo. : 1863), May 26, 1863-Nov. 12, 1864; Journal of commerce (Kansas City, Mo.), Nov. 19, 1864-&lt;Apr. 15, 1865&gt;; Western journal of commerce (Kansas City, Mo. : 1865), &lt;Apr. 29-May 20, 1865&gt;; Weekly western journal of commmerce (Kansas City, Mo. : 1865), &lt;Aug. 12, 1865-Apr. 4, 1867&gt;.</subfield></datafield><datafield ind1=" " ind2="0" tag="651"><subfield code="a">Kansas City (Mo.)</subfield><subfield code="v">Newspapers.</subfield></datafield><datafield ind1=" " ind2="7" tag="655"><subfield code="a">Newspapers.</subfield><subfield code="2">fast</subfield><subfield code="0">(OCoLC)fst01423814</subfield></datafield><datafield ind1=" " ind2="7" tag="651"><subfield code="a">Missouri</subfield><subfield code="z">Kansas City.</subfield><subfield code="2">fast</subfield><subfield code="0">(OCoLC)fst01204999</subfield></datafield><datafield ind1=" " ind2=" " tag="752"><subfield code="a">United States</subfield><subfield code="b">Missouri</subfield><subfield code="c">Jackson</subfield><subfield code="d">Kansas City.</subfield></datafield><datafield ind1="1" ind2=" " tag="775"><subfield code="t">Western journal of commerce (Kansas City, Mo. : 1863)</subfield><subfield code="w">(DLC)sn 84020053</subfield></datafield><datafield ind1="1" ind2=" " tag="775"><subfield code="t">Journal of commerce (Kansas City, Mo.)</subfield><subfield code="w">(DLC)sn 84020054</subfield></datafield><datafield ind1="1" ind2=" " tag="775"><subfield code="t">Western journal of commerce (Kansas City, Mo. : 1865)</subfield><subfield code="w">(DLC)sn 84020055</subfield></datafield><datafield ind1="1" ind2=" " tag="775"><subfield code="t">Weekly western journal of commerce (Kansas City, Mo. : 1865)</subfield><subfield code="w">(DLC)sn 84020063</subfield></datafield><datafield ind1="0" ind2="0" tag="780"><subfield code="t">Daily Kansas City western journal of commerce (Kansas City, Mo. : 1862)</subfield><subfield code="w">(DLC)sn 84020062</subfield></datafield><datafield ind1="0" ind2="0" tag="785"><subfield code="t">Daily journal of commerce (Kansas City, Mo. : 1867)</subfield><subfield code="w">(DLC)sn 84020116</subfield></datafield></record>